<collection xmlns="http://www.loc.gov/MARC21/slim">
<record>
  <leader>00983nam0a2200229 i 450 </leader>
  <controlfield tag="001">IT\ICCU\CNCE\039181</controlfield>
  <controlfield tag="005">20070604000000.0</controlfield>
  <datafield tag="012" ind1=" " ind2=" ">
    <subfield code="a">E.o. iono o,na o,a. (C) 1578 (A)</subfield>
    <subfield code="2">fei</subfield>
  </datafield>
  <datafield tag="100" ind1=" " ind2=" ">
    <subfield code="a">19981030d1578        0itac0103    ba</subfield>
  </datafield>
  <datafield tag="101" ind1=" " ind2=" ">
    <subfield code="a">ITA</subfield>
  </datafield>
  <datafield tag="102" ind1=" " ind2=" ">
    <subfield code="a">IT</subfield>
  </datafield>
  <datafield tag="200" ind1="1" ind2=" ">
    <subfield code="a">Dialogo in sdruciolo. Con vn capitolo amoroso in sdruciolo. Et vn&apos;altro capitolo di epiteti bellissimo, tutte cose noue, &amp; belle</subfield>
  </datafield>
  <datafield tag="210" ind1=" " ind2=" ">
    <subfield code="e">In Venetia</subfield>
    <subfield code="g">in Frezzaria al segno della Fede</subfield>
    <subfield code="h">1578</subfield>
  </datafield>
  <datafield tag="215" ind1=" " ind2=" ">
    <subfield code="a">\4! c.</subfield>
    <subfield code="d">8ʻ</subfield>
  </datafield>
  <datafield tag="620" ind1=" " ind2=" ">
    <subfield code="a">IT</subfield>
    <subfield code="d">Venezia</subfield>
  </datafield>
  <datafield tag="712" ind1="0" ind2="0">
    <subfield code="a">Ghedini, Giacomo</subfield>
    <subfield code="3">IT\ICCU\CNCT\000680</subfield>
    <subfield code="4">650</subfield>
  </datafield>
  <datafield tag="791" ind1="0" ind2="0">
    <subfield code="a">Giedini, Iacomo</subfield>
    <subfield code="3">IT\ICCU\CNCT\002800</subfield>
    <subfield code="z">Ghedini, Giacomo</subfield>
  </datafield>
  <datafield tag="791" ind1="0" ind2="0">
    <subfield code="a">Gidini, Iacomo</subfield>
    <subfield code="3">IT\ICCU\CNCT\002801</subfield>
    <subfield code="z">Ghedini, Giacomo</subfield>
  </datafield>
  <datafield tag="791" ind1="0" ind2="0">
    <subfield code="a">Ghidini, Giacomo</subfield>
    <subfield code="3">IT\ICCU\CNCT\003833</subfield>
    <subfield code="z">Ghedini, Giacomo</subfield>
  </datafield>
  <datafield tag="791" ind1="0" ind2="2">
    <subfield code="a">℗al segno della ℗Fede</subfield>
    <subfield code="c"> &lt;1577-1583&gt;</subfield>
    <subfield code="3">IT\ICCU\CNCT\006151</subfield>
    <subfield code="z">Ghedini, Giacomo</subfield>
  </datafield>
  <datafield tag="801" ind1=" " ind2="3">
    <subfield code="a">IT</subfield>
    <subfield code="b">ICCU</subfield>
    <subfield code="c">20201114</subfield>
  </datafield>
  <datafield tag="899" ind1=" " ind2=" ">
    <subfield code="a">Biblioteca Apostolica Vaticana. Citt ̉del Vaticano</subfield>
    <subfield code="1">EX0001</subfield>
    <subfield code="2">ZCV 01</subfield>
  </datafield>
</record>
</collection>
